@incollection{cristea_distributed_2011,
	address = {Berlin, Heidelberg},
	series = {Studies in {Computational} {Intelligence}},
	title = {Distributed {Architectures} for {Event}-{Based} {Systems}},
	isbn = {978-3-642-19724-6},
	url = {https://doi.org/10.1007/978-3-642-19724-6_2},
	language = {en},
	booktitle = {Reasoning in {Event}-{Based} {Distributed} {Systems}},
	publisher = {Springer},
	author = {Cristea, Valentin and Pop, Florin and Dobre, Ciprian and Costan, Alexandru},
	year = {2011},
	doi = {10.1007/978-3-642-19724-6_2},
	keywords = {Complex Event Processing, Composite Event, Event Processing, Multiagent System, Primitive Event},
	pages = {11--45}
}

@article{sahu_dali_2019,
	title = {{DALI} {Protocol} and {Interface} with {DALI} {Devices} from {External} {Master} {Controller}},
	author = {Sahu, Ritankar},
	month = jul,
	year = {2019},
}

@inproceedings{zhou_architecture_2013,
	title = {Architecture research of distributed intelligent computer system},
	doi = {10.1109/IMSNA.2013.6743346},
	booktitle = {2013 2nd {International} {Symposium} on {Instrumentation} and {Measurement}, {Sensor} {Network} and {Automation} ({IMSNA})},
	author = {Zhou, Guangming},
	month = dec,
	year = {2013},
	pages = {591--594}
}

@book{wen_intelligent_2018,
	address = {Cham},
	series = {Advances in {Industrial} {Control}},
	title = {Intelligent {Building} {Control} {Systems}},
	isbn = {978-3-319-68461-1 978-3-319-68462-8},
	url = {http://link.springer.com/10.1007/978-3-319-68462-8},
	language = {en},
	urldate = {2022-10-03},
	publisher = {Springer International Publishing},
	editor = {Wen, John T. and Mishra, Sandipan},
	year = {2018},
	doi = {10.1007/978-3-319-68462-8}
}

@inproceedings{tragos_iot_2015,
	title = {An {IoT} based intelligent building management system for ambient assisted living},
	doi = {10.1109/ICCW.2015.7247186},
	booktitle = {2015 {IEEE} {International} {Conference} on {Communication} {Workshop} ({ICCW})},
	author = {Tragos, Elias Z. and Foti, Magda and Surligas, Manolis and Lambropoulos, George and Pournaras, Stelios and Papadakis, Stefanos and Angelakis, Vangelis},
	month = jun,
	year = {2015},
	note = {ISSN: 2164-7038},
	keywords = {Artificial intelligence, Automation, Buildings, Quality of service, Reliability, Security, Sensors},
	pages = {246--252}
}

@article{verma_sensing_2019,
	title = {Sensing, {Controlling}, and {IoT} {Infrastructure} in {Smart} {Building}: {A} {Review}},
	volume = {19},
	issn = {1558-1748},
	shorttitle = {Sensing, {Controlling}, and {IoT} {Infrastructure} in {Smart} {Building}},
	doi = {10.1109/JSEN.2019.2922409},
	number = {20},
	journal = {IEEE Sensors Journal},
	author = {Verma, Anurag and Prakash, Surya and Srivastava, Vishal and Kumar, Anuj and Mukhopadhyay, Subhas Chandra},
	month = oct,
	year = {2019},
	keywords = {Automation system, Intelligent sensors, Internet of Things, Protocols, Security, sensing, Smart buildings, wireless sensor network},
	pages = {9036--9046}
}

@incollection{khanna_iot_2019,
	title = {{IoT} {Architecture} for {Preventive} {Energy} {Conservation} of {Smart} {Buildings}},
	isbn = {9789811373992},
	url = {https://doi.org/10.1007/978-981-13-7399-2_8},
	language = {en},
	urldate = {2022-10-03},
	booktitle = {Energy {Conservation} for {IoT} {Devices} : {Concepts}, {Paradigms} and {Solutions}},
	publisher = {Springer},
	author = {Khanna, Anirudh and Arora, Shivam and Chhabra, Anshuman and Bhardwaj, Kartik Krishna and Sharma, Deepak Kumar},
	year = {2019},
	doi = {10.1007/978-981-13-7399-2_8},
	keywords = {Energy efficiency, HVAC, IoT, IoT architectures, Monitoring, Sensors, Smart building, Smart energy, Smart grid, Smart home, Smart meter},
	pages = {179--208}
}


@inproceedings{farias_control_2013,
	title = {A {Control} and {Decision} {System} for {Smart} {Buildings}},
	doi = {10.1109/UIC-ATC.2013.108},
	booktitle = {2013 {IEEE} 10th {International} {Conference} on {Ubiquitous} {Intelligence} and {Computing} and 2013 {IEEE} 10th {International} {Conference} on {Autonomic} and {Trusted} {Computing}},
	author = {Farias, Claudio and Pirmez, Luci and Delicato, Fl√°via C. and Soares, Henrique and Santos, Igor L. dos and Carmo, Luiz F.R.C.},
	month = dec,
	year = {2013},
	keywords = {Conferences, Energy Efficiency, Smart Buildings, WSAN},
	pages = {254--261}
}

@article{imam_experimental_2016,
	title = {An experimental survey of feedback control methodologies for advanced lighting systems},
	volume = {130},
	issn = {0378-7788},
	url = {https://www.sciencedirect.com/science/article/pii/S0378778816307976},
	doi = {10.1016/j.enbuild.2016.08.088},
	language = {en},
	urldate = {2022-10-21},
	journal = {Energy and Buildings},
	author = {Imam, M. H. Toufiq and Afshari, Sina and Mishra, Sandipan},
	month = oct,
	year = {2016},
	keywords = {Daylight harvesting, Daylong experiment, Experimental survey, Feedback control, Hierarchical optimization, Polychromatic LED sources, Smart lighting, Spectral optimization},
	pages = {600--612}
}

@techreport{dali,
   title = "{IEC 62386-101:2022}",
   pages = {128},
   year = {2022},
   month = {November},
   publisher = "{DALI Alliance}",
}

@techreport{openais,
   title = "{OpenAIS - Open Architectures for Intelligent Solid State Lighting Systems}",
   pages = {200},
   year = {2020},
   month = {July},
   publisher = "{OpenAIS Consortium}"
}

@inproceedings{rerum,  author={Tragos, Elias Z. et. al.},  booktitle={2014 IEEE International Conference on Pervasive Computing and Communication Workshops (PERCOM WORKSHOPS)},   title={Enabling reliable and secure IoT-based smart city applications},   year={2014},  volume={},  number={},  pages={111-116},  doi={10.1109/PerComW.2014.6815175}}

@misc{horizon2020,
	title = {Open {Architectures} for {Intelligent} {Solid} {State} {Lighting} {Systems} {\textbar} {OpenAIS} {Project} {\textbar} {Fact} {Sheet} {\textbar} {H2020} {\textbar} {CORDIS} {\textbar} {European} {Commission}},
	url = {https://cordis.europa.eu/project/id/644332},
	urldate = {2022-12-02}
}

@article{iol,
	title = {The impact of the internet of lighting on the office lighting value network},
	volume = {11},
	issn = {2452-414X},
	url = {https://www.sciencedirect.com/science/article/pii/S2452414X16300851},
	doi = {10.1016/j.jii.2017.03.002},
	language = {en},
	urldate = {2022-12-02},
	journal = {Journal of Industrial Information Integration},
	author = {van de Werff, Thomas and van Essen, Harm and Eggen, Berry},
	month = sep,
	year = {2018},
	keywords = {Impact analysis, Internet of Lighting, Internet of Things, Office lighting, Value chain, Value network},
	pages = {29--40}
}

@inproceedings{rust-iot,
	title = {On {Utilizing} {Rust} {Programming} {Language} for {Internet} of {Things}},
	doi = {10.1109/CICN.2017.8319363},
	month = sep,
	year = {2017}
}

@misc{rust-adoption,
	title = {Adoption of {Rust}: {Who}'s {Using} {It} and {How}},
	shorttitle = {Adoption of {Rust}},
	url = {https://thenewstack.io/adoption-of-rust-whos-using-it-and-how/},
	language = {en-US},
	urldate = {2022-12-03},
	journal = {The New Stack},
	author = {Davison, Lawrence},
	month = nov,
	year = {2022}
}

@misc{openais-pilot,
	title = {User {Evaluation} of the {OpenAIS} {Pilot} {Installation}},
	copyright = {en},
	url = {https://www.led-professional.com/resources-1/articles/user-evaluation-of-the-openais-pilot-installation},
	language = {en},
	urldate = {2022-12-03},
	journal = {LED professional - LED Lighting Technology, Application Magazine}
}
